@article{docking,
  author  = {Morris, G. M. et al.},
  journal = { },
  number  = {},
  title   = {AutoDock4 and AutoDockTools4: Automated docking...},
  volume  = {},
  year    = {2009}
}

@article{std_e,
  author  = {Mayer, M. and Meyer, B.},
  journal = {Angew. Chemie Int. Ed.},
  number  = {},
  title   = { },
  volume  = {},
  year    = {1999}
}

@article{redmat,
  author  = {Zhang, Y. et al.},
  journal = {J. Med. Chem.},
  number  = {},
  title   = {},
  volume  = {},
  year    = {2024}
}

@article{ml_drug,
  author  = {Guedes, I. A. et al.},
  journal = {IJSM},
  number  = {},
  title   = {},
  volume  = {},
  year    = {2016}
}

@article{rf_score,
  author  = {Ballester, P. J. and Mitchell},
  journal = {J. B. O. Bioinformatics},
  number  = {},
  title   = {},
  volume  = {},
  year    = {2010}
}

@article{nmr,
  author  = {Chen, L. et al.},
  journal = {Brief. Bioinform. },
  number  = {},
  title   = {},
  volume  = {},
  year    = {2022}
}

@article{multimodal,
  author  = {Jim√©nez-Luna, J. et al.},
  journal = {J. Chem. Inf. Model.},
  number  = {},
  title   = {},
  volume  = {},
  year    = {2020}
}

@article{gnn,
  author  = {Stokes, J. M. et al.},
  journal = {Cell},
  number  = {},
  title   = {},
  volume  = {},
  year    = {2020}
}

@article{alpha,
  author  = {Jumper, J. et al.},
  journal = {Nature},
  number  = {},
  title   = {},
  volume  = {},
  year    = {2021}
}